<?xml version="1.0" encoding="UTF-8"?><collection xmlns="http://www.loc.gov/MARC21/slim"><record><leader>00672nam--2200229-u-4500</leader><controlfield tag="001">000050518</controlfield><controlfield tag="002">20161230</controlfield><controlfield tag="003">81995</controlfield><controlfield tag="005">20161230201048</controlfield><controlfield tag="008">070907s1000------------r-----000-0-eng-d</controlfield><datafield ind1=" " ind2=" " tag="020"><subfield code="a">0-486-69186-1</subfield></datafield><datafield ind1=" " ind2=" " tag="040"><subfield code="a">IFIN-HH</subfield></datafield><datafield ind1=" " ind2=" " tag="080"><subfield code="a">544.18:512.64</subfield></datafield><datafield ind1="1" ind2=" " tag="100"><subfield code="a">Szabo, Attila</subfield></datafield><datafield ind1="1" ind2="0" tag="245"><subfield code="a">Modern Quantum Chemistry</subfield><subfield code="b">Introduction to Advanced Electronic Structure Theory</subfield><subfield code="c">Attila Szabo; Neil S. Ostlund</subfield></datafield><datafield ind1=" " ind2=" " tag="260"><subfield code="a">Mineola</subfield><subfield code="b">Dover Publications Inc</subfield><subfield code="c">1989</subfield></datafield><datafield ind1=" " ind2=" " tag="300"><subfield code="a">466 p</subfield></datafield><datafield ind1=" " ind2=" " tag="504"><subfield code="a">Includes Bibliographical References and Index</subfield></datafield><datafield ind1=" " ind2="4" tag="650"><subfield code="a">Qunatum chemistry</subfield></datafield><datafield ind1="1" ind2=" " tag="700"><subfield code="a">Ostlund, Neil S</subfield></datafield><datafield ind1=" " ind2=" " tag="852"><subfield code="c">541.10</subfield></datafield><datafield ind1=" " ind2=" " tag="CAT"><subfield code="a">Sys</subfield><subfield code="c">20110405</subfield><subfield code="h">155118</subfield></datafield></record></collection>